@inproceedings{iVDGL,
    title = {Introduction to Grid Computing},
    pages = {19},
    year = {2015},
    publisher = {University of Chicago and University of Southern California},
    url = {https://slideplayer.com/slide/4818943/},
    keywords = "Grid computing, iVDGL, Globus project"
}

@book{distributed_vs_parallel,
  author    = "Raja Malleswara Rao Pattamsetti",
  title     = "Distributed Computing in Java 9",
  publisher = "O'Reilly"
}
